@inproceedings{soin2017moving,
  title={Moving vehicle detection using deep neural network},
  author={Soin, Akhil and Chahande, Manisha},
  booktitle={2017 International Conference on Emerging Trends in Computing and Communication Technologies (ICETCCT)},
  pages={1--5},
  year={2017},
  organization={IEEE}
}
@article{kim2020dashcam,
  title={Dashcam witness: Video sharing motives and privacy concerns across different nations},
  author={Kim, Joohyun and Park, Sangkeun and Lee, Uichin},
  journal={IEEE Access},
  volume={8},
  pages={110425--110437},
  year={2020},
  publisher={IEEE}
}
@article{zou2023object,
  title={Object detection in 20 years: A survey},
  author={Zou, Zhengxia and Chen, Keyan and Shi, Zhenwei and Guo, Yuhong and Ye, Jieping},
  journal={Proceedings of the IEEE},
  year={2023},
  publisher={IEEE}
}
@article{krizhevsky2012imagenet,
  title={Imagenet classification with deep convolutional neural networks},
  author={Krizhevsky, Alex and Sutskever, Ilya and Hinton, Geoffrey E},
  journal={Advances in neural information processing systems},
  volume={25},
  year={2012}
}
@inproceedings{girshick2014rich,
  title={Rich feature hierarchies for accurate object detection and semantic segmentation},
  author={Girshick, Ross and Donahue, Jeff and Darrell, Trevor and Malik, Jitendra},
  booktitle={Proceedings of the IEEE conference on computer vision and pattern recognition},
  pages={580--587},
  year={2014}
}
@inproceedings{redmon2016you,
  title={You only look once: Unified, real-time object detection},
  author={Redmon, Joseph and Divvala, Santosh and Girshick, Ross and Farhadi, Ali},
  booktitle={Proceedings of the IEEE conference on computer vision and pattern recognition},
  pages={779--788},
  year={2016}
}
@inproceedings{lin2014microsoft,
  title={Microsoft coco: Common objects in context},
  author={Lin, Tsung-Yi and Maire, Michael and Belongie, Serge and Hays, James and Perona, Pietro and Ramanan, Deva and Doll{\'a}r, Piotr and Zitnick, C Lawrence},
  booktitle={Computer Vision--ECCV 2014: 13th European Conference, Zurich, Switzerland, September 6-12, 2014, Proceedings, Part V 13},
  pages={740--755},
  year={2014},
  organization={Springer}
}
@article{lee2022yolo,
  title={YOLO with adaptive frame control for real-time object detection applications},
  author={Lee, Jeonghun and Hwang, Kwang-il},
  journal={Multimedia Tools and Applications},
  volume={81},
  number={25},
  pages={36375--36396},
  year={2022},
  publisher={Springer}
}
@article{nasution2020road,
  title={Road information collector using smartphone for measuring road width based on object and lane detection},
  author={Nasution, Surya and Husni, Emir and Kuspriyanto, Kuspriyanto and Yusuf, Rahadian and Mulyawan, Rahmat},
  year={2020},
  publisher={International Association of Online Engineering}
}
@article{nasution2023pedestrian,
  title={Pedestrian Detection System using YOLOv5 for Advanced Driver Assistance System (ADAS)},
  author={Nasution, Surya Michrandi and Dirgantara, Fussy Mentari},
  journal={Jurnal RESTI (Rekayasa Sistem dan Teknologi Informasi)},
  volume={7},
  number={3},
  pages={715--721},
  year={2023}
}
